%% This BibTeX bibliography file was created using BibDesk.
%% http://bibdesk.sourceforge.net/


%% Created for fei at 2015-02-01 21:32:31 +0800 


%% Saved with string encoding Unicode (UTF-8) 



@inproceedings{lowe1999object,
	Author = {Lowe, David G},
	Booktitle = {Computer vision, 1999. The proceedings of the seventh IEEE international conference on},
	Date-Added = {2015-02-01 13:32:27 +0000},
	Date-Modified = {2015-02-01 13:32:27 +0000},
	Organization = {Ieee},
	Pages = {1150--1157},
	Title = {Object recognition from local scale-invariant features},
	Volume = {2},
	Year = {1999}}

@article{lowe2004distinctive,
	Author = {Lowe, David G},
	Date-Added = {2015-02-01 12:29:59 +0000},
	Date-Modified = {2015-02-01 12:29:59 +0000},
	Journal = {International journal of computer vision},
	Number = {2},
	Pages = {91--110},
	Publisher = {Springer},
	Title = {Distinctive image features from scale-invariant keypoints},
	Volume = {60},
	Year = {2004}}

@inproceedings{dalal2005histograms,
	Author = {Dalal, Navneet and Triggs, Bill},
	Booktitle = {Computer Vision and Pattern Recognition, 2005. CVPR 2005. IEEE Computer Society Conference on},
	Date-Added = {2015-01-31 08:02:57 +0000},
	Date-Modified = {2015-01-31 08:02:57 +0000},
	Organization = {IEEE},
	Pages = {886--893},
	Title = {Histograms of oriented gradients for human detection},
	Volume = {1},
	Year = {2005}}

@article{felzenszwalb2010object,
	Author = {Felzenszwalb, Pedro F and Girshick, Ross B and McAllester, David and Ramanan, Deva},
	Date-Added = {2015-01-30 13:58:12 +0000},
	Date-Modified = {2015-01-30 13:58:12 +0000},
	Journal = {Pattern Analysis and Machine Intelligence, IEEE Transactions on},
	Number = {9},
	Pages = {1627--1645},
	Publisher = {IEEE},
	Title = {Object detection with discriminatively trained part-based models},
	Volume = {32},
	Year = {2010}}

@inproceedings{su2011blurred,
	Author = {Su, Bolan and Lu, Shijian and Tan, Chew Lim},
	Booktitle = {Proceedings of the 19th ACM international conference on Multimedia},
	Date-Added = {2015-01-30 13:42:28 +0000},
	Date-Modified = {2015-01-30 13:42:28 +0000},
	Organization = {ACM},
	Pages = {1397--1400},
	Title = {Blurred image region detection and classification},
	Year = {2011}}

@inproceedings{kim2014salient,
	Author = {Kim, Jiwhan and Han, Dongyoon and Tai, Yu-Wing and Kim, Junmo},
	Booktitle = {Computer Vision and Pattern Recognition (CVPR), 2014 IEEE Conference on},
	Date-Added = {2015-01-30 07:13:03 +0000},
	Date-Modified = {2015-01-30 07:13:03 +0000},
	Organization = {IEEE},
	Pages = {883--890},
	Title = {Salient region detection via high-dimensional color transform},
	Year = {2014}}

@inproceedings{ojala1994performance,
	Author = {Ojala, Timo and Pietikainen, Matti and Harwood, David},
	Booktitle = {Pattern Recognition, 1994. Vol. 1-Conference A: Computer Vision \& Image Processing., Proceedings of the 12th IAPR International Conference on},
	Date-Added = {2015-01-30 07:11:13 +0000},
	Date-Modified = {2015-01-30 07:11:13 +0000},
	Number = {1},
	Pages = {582--585},
	Title = {Performance evaluation of texture measures with classification based on Kullback discrimination of distributions},
	Year = {1994}}

@inproceedings{cheng2011global,
	Author = {Cheng, Ming-Ming and Zhang, Guo-Xin and Mitra, Niloy J and Huang, Xiaolei and Hu, Shi-Min},
	Booktitle = {Computer Vision and Pattern Recognition (CVPR), 2011 IEEE Conference on},
	Date-Added = {2015-01-30 00:50:37 +0000},
	Date-Modified = {2015-01-30 00:50:37 +0000},
	Organization = {IEEE},
	Pages = {409--416},
	Title = {Global contrast based salient region detection},
	Year = {2011}}

@inproceedings{jiang2013salient,
	Author = {Jiang, Huaizu and Wang, Jingdong and Yuan, Zejian and Wu, Yang and Zheng, Nanning and Li, Shipeng},
	Booktitle = {Computer Vision and Pattern Recognition (CVPR), 2013 IEEE Conference on},
	Date-Added = {2015-01-30 00:49:11 +0000},
	Date-Modified = {2015-01-30 00:49:11 +0000},
	Organization = {IEEE},
	Pages = {2083--2090},
	Title = {Salient object detection: A discriminative regional feature integration approach},
	Year = {2013}}

@inproceedings{jiang2011automatic,
	Author = {Jiang, Huaizu and Wang, Jingdong and Yuan, Zejian and Liu, Tie and Zheng, Nanning and Li, Shipeng},
	Booktitle = {BMVC},
	Date-Added = {2015-01-30 00:47:12 +0000},
	Date-Modified = {2015-01-30 00:47:12 +0000},
	Pages = {7},
	Title = {Automatic salient object segmentation based on context and shape prior.},
	Volume = {6},
	Year = {2011}}
